
@article{distiller2020using,
  title={Using Continuous-Time Spatial Capture--Recapture models to make inference about animal activity patterns},
  author={Distiller, Greg B and Borchers, David L and Foster, Rebecca J and Harmsen, Bart J},
  journal={Ecology and Evolution},
  volume={10},
  number={20},
  pages={11826--11837},
  year={2020},
  publisher={Wiley Online Library}
}
